<record><leader>00000cas a2200000 a 4500</leader><controlfield tag="001">17359596</controlfield><controlfield tag="008">880119d193119uuwauwr ne      0    0eng d</controlfield><datafield ind1=" " ind2=" " tag="010"><subfield code="a">sn 88085225 </subfield></datafield><datafield ind1=" " ind2=" " tag="040"><subfield code="a">SLZ</subfield><subfield code="b">eng</subfield><subfield code="c">SLZ</subfield><subfield code="d">WAU</subfield><subfield code="d">OCL</subfield><subfield code="d">OCLCQ</subfield><subfield code="d">OCLCF</subfield><subfield code="d">OCLCO</subfield></datafield><datafield ind1="1" ind2=" " tag="029"><subfield code="a">AU@</subfield><subfield code="b">000025812802</subfield></datafield><datafield ind1=" " ind2=" " tag="042"><subfield code="a">msc</subfield></datafield><datafield ind1=" " ind2=" " tag="043"><subfield code="a">n-us-wa</subfield></datafield><datafield ind1="0" ind2="0" tag="245"><subfield code="a">Snohomish County forum.</subfield></datafield><datafield ind1=" " ind2=" " tag="260"><subfield code="a">[Granite Falls], Wash. :</subfield><subfield code="b">W.D. Sibley</subfield></datafield><datafield ind1=" " ind2=" " tag="300"><subfield code="a">v.</subfield></datafield><datafield ind1=" " ind2=" " tag="310"><subfield code="a">Weekly</subfield></datafield><datafield ind1="0" ind2=" " tag="362"><subfield code="a">Vol. 9, no. 11 (Jan. 22, 1931)-</subfield></datafield><datafield ind1=" " ind2=" " tag="588"><subfield code="a">Latest issue consulted: Vol. 23, no. 36 (Aug. 23, 1945).</subfield></datafield><datafield ind1=" " ind2="0" tag="651"><subfield code="a">Granite Falls (Wash.)</subfield><subfield code="v">Newspapers.</subfield></datafield><datafield ind1=" " ind2="7" tag="655"><subfield code="a">Newspapers.</subfield><subfield code="2">fast</subfield><subfield code="0">(OCoLC)fst01423814</subfield></datafield><datafield ind1=" " ind2="7" tag="651"><subfield code="a">Washington (State)</subfield><subfield code="z">Granite Falls.</subfield><subfield code="2">fast</subfield><subfield code="0">(OCoLC)fst01274488</subfield></datafield><datafield ind1=" " ind2=" " tag="752"><subfield code="a">United States</subfield><subfield code="b">Washington</subfield><subfield code="c">Snohomish</subfield><subfield code="d">Granite Falls.</subfield></datafield><datafield ind1="1" ind2=" " tag="776"><subfield code="c">Microfilm</subfield><subfield code="d">University of Washington</subfield><subfield code="w">(DLC)sn 96047200</subfield></datafield><datafield ind1="0" ind2="0" tag="780"><subfield code="t">Granite Falls record</subfield><subfield code="w">(DLC)sn 88085224</subfield><subfield code="w">(OCoLC)17359587</subfield></datafield></record>